@book{cosider,
    title         = {Présentation de COSIDER},
    year          = {2014},
    publisher     = {www.cosider-groupe.dz/fr}
}

@book{cosider1,
    title         = {COSIDER CANALISATIONS},
    year          = {2014},
    publisher     = {www.cosider-groupe.dz/fr/cosider-canalisations}
}

@manual{jquery,
    author        = {},
    title         = {Simplifiez vos développements JavaScript avec jQuery},
    year          = {2012},
    organization  = {openclassrooms}
}

@manual{xml,
    author        = {},
    title         = {Structurez vos données avec XML},
    year          = {2010},
    organization  = {openclassrooms}
}

@manual{css,
    author        = {Raphaël Goetter},
    title         = {Mémento CSS3},
    year          = {2014},
    organization  = {Eyrolles}
}

@manual{web,
    author        = {Mathieu Nebra},
    title         = {Concevez votre site web avec PHP et MySQL},
    year          = {2013},
    organization  = {openclassrooms}
}

@manual{gl1,
    author        = {Ilhem BOUSSAID},
    title         = {GL - Use Case},
    year          = {2010},
    organization  = {USTHB}
}


@book{tier,
    title         = {Architecture N-Tier},
    year          = {2010},
    publisher     = {Patrick Arlaud - Jérome Dupire}
}

@book{phpmyadmin,
    title         = {phpmyadmin-Documentation Ubuntu},
    year          = {2015},
    publisher     = {https://doc.ubuntu-fr.org/phpmyadmin}
}

@book{sublime,
    title         = {Sublime Text},
    year          = {2015},
    publisher     = {https://www.grafikart.fr/sublime-text}
}